<?xml version="1.0" encoding="UTF-8" standalone="no"?>
<record xmlns="http://www.loc.gov/MARC21/slim">
    <leader>00000cam a2200000 a 4500</leader>
    <controlfield tag="001">818014757</controlfield>
    <controlfield tag="008">121128m20122013bl a     b    000 0 por d</controlfield>
    <datafield ind1=" " ind2=" " tag="010">
      <subfield code="a">  2012486130</subfield>
    </datafield>
    <datafield ind1=" " ind2=" " tag="040">
      <subfield code="a">TJC</subfield>
      <subfield code="b">eng</subfield>
      <subfield code="c">DLC</subfield>
      <subfield code="d">TJC</subfield>
      <subfield code="d">SBACH</subfield>
      <subfield code="d">IQU</subfield>
      <subfield code="d">OCLCF</subfield>
      <subfield code="d">OCLCQ</subfield>
      <subfield code="d">UPM</subfield>
    </datafield>
    <datafield ind1=" " ind2=" " tag="020">
      <subfield code="a">9788579950315</subfield>
      <subfield code="q">(v. 1 ;</subfield>
      <subfield code="q">Edições SESC SP)</subfield>
    </datafield>
    <datafield ind1=" " ind2=" " tag="020">
      <subfield code="a">8579950317</subfield>
      <subfield code="q">(v. 1 ;</subfield>
      <subfield code="q">Edições SESC SP)</subfield>
    </datafield>
    <datafield ind1=" " ind2=" " tag="020">
      <subfield code="a">9788527309462</subfield>
      <subfield code="q">(v. 1 ;</subfield>
      <subfield code="q">Perspectiva)</subfield>
    </datafield>
    <datafield ind1=" " ind2=" " tag="020">
      <subfield code="a">8527309467</subfield>
      <subfield code="q">(v. 1 ;</subfield>
      <subfield code="q">Perspectiva)</subfield>
    </datafield>
    <datafield ind1=" " ind2=" " tag="020">
      <subfield code="a">9788579950568</subfield>
      <subfield code="q">(v. 2 ;</subfield>
      <subfield code="q">Edições SESC SP)</subfield>
    </datafield>
    <datafield ind1=" " ind2=" " tag="020">
      <subfield code="a">8579950562</subfield>
      <subfield code="q">(v. 2 ;</subfield>
      <subfield code="q">Edições SESC SP)</subfield>
    </datafield>
    <datafield ind1=" " ind2=" " tag="020">
      <subfield code="a">9788527309585</subfield>
      <subfield code="q">(v. 2 ;</subfield>
      <subfield code="q">Perspectiva)</subfield>
    </datafield>
    <datafield ind1=" " ind2=" " tag="020">
      <subfield code="a">8527309580</subfield>
      <subfield code="q">(v. 2 ;</subfield>
      <subfield code="q">Perspectiva)</subfield>
    </datafield>
    <datafield ind1=" " ind2=" " tag="042">
      <subfield code="a">lcode</subfield>
      <subfield code="a">lccopycat</subfield>
    </datafield>
    <datafield ind1=" " ind2=" " tag="043">
      <subfield code="a">s-bl---</subfield>
    </datafield>
    <datafield ind1="0" ind2="0" tag="050">
      <subfield code="a">PN2471</subfield>
      <subfield code="b">.H56 2012</subfield>
    </datafield>
    <datafield ind1="0" ind2="0" tag="082">
      <subfield code="a">792.0981</subfield>
      <subfield code="2">23</subfield>
    </datafield>
    <datafield ind1="0" ind2="0" tag="245">
      <subfield code="a">História do teatro brasileiro /</subfield>
      <subfield code="c">João Roberto Faria, direção ; J. Guinsburg e João Roberto Faria, projeto e planejamento editorial.</subfield>
    </datafield>
    <datafield ind1=" " ind2=" " tag="260">
      <subfield code="a">São Paulo, SP, Brasil :</subfield>
      <subfield code="b">Edições SESC SP :</subfield>
      <subfield code="b">Perspectiva,</subfield>
      <subfield code="c">2012-2013.</subfield>
    </datafield>
    <datafield ind1=" " ind2=" " tag="300">
      <subfield code="a">2 volumes :</subfield>
      <subfield code="b">illustrations ;</subfield>
      <subfield code="c">26 cm</subfield>
    </datafield>
    <datafield ind1=" " ind2=" " tag="336">
      <subfield code="a">text</subfield>
      <subfield code="b">txt</subfield>
      <subfield code="2">rdacontent</subfield>
    </datafield>
    <datafield ind1=" " ind2=" " tag="337">
      <subfield code="a">unmediated</subfield>
      <subfield code="b">n</subfield>
      <subfield code="2">rdamedia</subfield>
    </datafield>
    <datafield ind1=" " ind2=" " tag="338">
      <subfield code="a">volume</subfield>
      <subfield code="b">nc</subfield>
      <subfield code="2">rdacarrier</subfield>
    </datafield>
    <datafield ind1=" " ind2=" " tag="504">
      <subfield code="a">Includes bibliographical references.</subfield>
    </datafield>
    <datafield ind1="0" ind2=" " tag="505">
      <subfield code="a">V. 1. Das origens ao teatro profissional da primeira metade do século XX -- v. 2. Do modernismo às tendências contemporâneas.</subfield>
    </datafield>
    <datafield ind1=" " ind2="0" tag="650">
      <subfield code="a">Theater</subfield>
      <subfield code="z">Brazil</subfield>
      <subfield code="x">History.</subfield>
    </datafield>
    <datafield ind1=" " ind2="7" tag="650">
      <subfield code="a">Theater.</subfield>
      <subfield code="2">fast</subfield>
      <subfield code="0">(OCoLC)fst01149217</subfield>
    </datafield>
    <datafield ind1=" " ind2="7" tag="651">
      <subfield code="a">Brazil.</subfield>
      <subfield code="2">fast</subfield>
      <subfield code="0">(OCoLC)fst01206830</subfield>
    </datafield>
    <datafield ind1=" " ind2="7" tag="655">
      <subfield code="a">History.</subfield>
      <subfield code="2">fast</subfield>
      <subfield code="0">(OCoLC)fst01411628</subfield>
    </datafield>
    <datafield ind1="1" ind2=" " tag="700">
      <subfield code="a">Faria, João Roberto,</subfield>
      <subfield code="d">1952-</subfield>
    </datafield>
    <datafield ind1="1" ind2=" " tag="700">
      <subfield code="a">Guinsburg, J.</subfield>
    </datafield>
    <datafield ind1="4" ind2="1" tag="856">
      <subfield code="3">Table of contents</subfield>
      <subfield code="u">http://catdir.loc.gov/catdir/toc/fy13pdf02/2012486130.html</subfield>
    </datafield>
    <datafield ind1=" " ind2=" " tag="938">
      <subfield code="a">Susan Bach Books</subfield>
      <subfield code="b">BACH</subfield>
      <subfield code="n">SB-62686</subfield>
    </datafield>
  </record>
